<?xml version="1.0" encoding="UTF-8"?><collection xmlns="http://www.loc.gov/MARC21/slim"><record><leader>00490nam--2200157-i-4500</leader><controlfield tag="001">000014128</controlfield><controlfield tag="002">20161230</controlfield><controlfield tag="005">20161230201030</controlfield><controlfield tag="008">060222s1000------------r-----000-0-eng-d</controlfield><datafield ind1=" " ind2=" " tag="100"><subfield code="a">Boothby, Wolliam M</subfield></datafield><datafield ind1=" " ind2=" " tag="245"><subfield code="a">An introduction to differentiable manifolds and riemannian geometry</subfield></datafield><datafield ind1=" " ind2=" " tag="260"><subfield code="a">New York, Academic Press, 1975</subfield></datafield><datafield ind1=" " ind2=" " tag="300"><subfield code="a">424 p</subfield></datafield><datafield ind1=" " ind2=" " tag="490"><subfield code="a">Pure And Applied Mathematics. A Series Of Mono Graphs And Textbooks</subfield><subfield code="v">vol. 63</subfield></datafield><datafield ind1=" " ind2=" " tag="852"><subfield code="a">13669</subfield></datafield><datafield ind1=" " ind2=" " tag="CAT"><subfield code="a">Sys</subfield><subfield code="c">20080401</subfield><subfield code="h">143334</subfield></datafield></record></collection>